
@Article{barr2014x1,
  author = {F. Barranco and C. Ferm{\"{u}}ller and Y. Aloimonos},
  title = {Contour Motion Estimation for Asynchronous Event-Driven Cameras},
  journal = {Proceedings of the IEEE},
  year = {2014},
%  volume = {102},
  number = {10},
  pages = {1537--1556}
}

@Article{bens2016x2,
  author = {H. {Ben Salem} and T. Damarla and K. Sudusinghe and W. Stechele and
  S. S. Bhattacharyya},
  title = {Adaptive tracking of people and vehicles using mobile platforms},
  journal = {EURASIP Journal on Advances in Signal Processing},
  year = {2016},
  volume = {2016},
  number = {65},
  pages = {1--12}
}

@Book{bhat2019x1,
  title = {Handbook of Signal Processing Systems},
  edition = {Third},
  editor = {S. S. Bhattacharyya and E. Deprettere and R. Leupers and J.
  Takala},
  year = {2019},
  publisher = {Springer}
}

@Article{bout2018x2,
  author = {J. Boutellier and J. Wu and H. Huttunen and S. S. Bhattacharyya},
  title = {{PRUNE}: Dynamic and Decidable Dataflow for Signal Processing on
  Heterogeneous Platforms},
  journal = {IEEE Transactions on Signal Processing},
  year = {2018},
  month = {February},
  volume = {66},
  number = {3},
  pages = {654--665}
}

@Article{ji2006x1,
  author = {H. Ji and C. Ferm{\"{u}}ller},
  title = {A {3D} shape constraint on video},
  journal = {IEEE Transactions on Pattern Analysis and Machine Intelligence},
  year = {2006},
 volume = {28},
  number = {6},
  pages = {1018--1023}
}

@InProceedings{mitr2018x1,
  author = {A. Mitrokhin and C. Ferm{\"{u}}ller and C. Parameshwara and Y.
  Aloimonos},
  title = {Event-based Moving Object Detection and Tracking},
  booktitle = {Proceedings of the IEEE/RSJ International Conference on
  Intelligent Robots and Systems},
  year = {2018}
}
@Article{hsu2011x1,
  author = {C. Hsu and J. Pino and S. S. Bhattacharyya},
  title = {Multithreaded Simulation for Synchronous Dataflow Graphs},
  journal = {ACM Transactions on Design Automation of Electronic Systems},
  year = {2011},
  month = {June},
  volume = {16},
  number = {3},
  pages = {25-1--25-23},
  pdf = {http://www.ece.umd.edu/DSPCAD/papers/hsu2011x1.pdf}
}

@Article{kee2012x2,
  author = {H. Kee and C. Shen and S. S. Bhattacharyya and I. Wong and Y. Rao
  and J. Kornerup},
  title = {Mapping Parameterized Cyclo-static Dataflow Graphs onto Configurable
  Hardware},
  journal = {Journal of Signal Processing Systems},
  year = {2012},
  volume = {66},
  number = {3},
  pages = {285--301}
}

@Article{lee1995x1,
  author = {E. A. Lee and T. M. Parks},
  title = {Dataflow Process Networks},
  journal = {Proceedings of the IEEE},
  year = {1995},
  month = {May},
  pages = {773--799}
}
